%YAML 1.1
%TAG !u! tag:unity3d.com,2011:
--- !u!1001 &100100000
Prefab:
  m_ObjectHideFlags: 1
  serializedVersion: 2
  m_Modification:
    m_TransformParent: {fileID: 0}
    m_Modifications: []
    m_RemovedComponents: []
  m_ParentPrefab: {fileID: 0}
  m_RootGameObject: {fileID: 1087209375021522}
  m_IsPrefabParent: 1
--- !u!1 &1077744596990854
GameObject:
  m_ObjectHideFlags: 0
  m_PrefabParentObject: {fileID: 0}
  m_PrefabInternal: {fileID: 100100000}
  serializedVersion: 5
  m_Component:
  - component: {fileID: 4943294920907806}
  - component: {fileID: 212029378263335500}
  - component: {fileID: 114769396274999478}
  m_Layer: 0
  m_Name: Arm
  m_TagString: Untagged
  m_Icon: {fileID: 0}
  m_NavMeshLayer: 0
  m_StaticEditorFlags: 0
  m_IsActive: 1
--- !u!1 &1087209375021522
GameObject:
  m_ObjectHideFlags: 0
  m_PrefabParentObject: {fileID: 0}
  m_PrefabInternal: {fileID: 100100000}
  serializedVersion: 5
  m_Component:
  - component: {fileID: 4911611412225640}
  - component: {fileID: 212473774921907978}
  - component: {fileID: 114024589318767890}
  - component: {fileID: 50414455048135738}
  - component: {fileID: 95685776873958930}
  - component: {fileID: 60549918202821184}
  - component: {fileID: 82710286262520082}
  m_Layer: 0
  m_Name: Cowber
  m_TagString: Cowber
  m_Icon: {fileID: 0}
  m_NavMeshLayer: 0
  m_StaticEditorFlags: 0
  m_IsActive: 1
--- !u!4 &4911611412225640
Transform:
  m_ObjectHideFlags: 1
  m_PrefabParentObject: {fileID: 0}
  m_PrefabInternal: {fileID: 100100000}
  m_GameObject: {fileID: 1087209375021522}
  m_LocalRotation: {x: 0, y: 0, z: 0, w: 1}
  m_LocalPosition: {x: -2.18, y: -0.769, z: 0}
  m_LocalScale: {x: 0.3981104, y: 0.5533725, z: 0.39810973}
  m_Children:
  - {fileID: 4943294920907806}
  m_Father: {fileID: 0}
  m_RootOrder: 0
  m_LocalEulerAnglesHint: {x: 0, y: 0, z: 0}
--- !u!4 &4943294920907806
Transform:
  m_ObjectHideFlags: 1
  m_PrefabParentObject: {fileID: 0}
  m_PrefabInternal: {fileID: 100100000}
  m_GameObject: {fileID: 1077744596990854}
  m_LocalRotation: {x: -0, y: -0, z: -0, w: 1}
  m_LocalPosition: {x: 0.73, y: 0.248, z: -0.3895125}
  m_LocalScale: {x: 0.9869644, y: 0.71004766, z: 0.9869661}
  m_Children: []
  m_Father: {fileID: 4911611412225640}
  m_RootOrder: 0
  m_LocalEulerAnglesHint: {x: 0, y: 0, z: 0}
--- !u!50 &50414455048135738
Rigidbody2D:
  serializedVersion: 4
  m_ObjectHideFlags: 1
  m_PrefabParentObject: {fileID: 0}
  m_PrefabInternal: {fileID: 100100000}
  m_GameObject: {fileID: 1087209375021522}
  m_BodyType: 0
  m_Simulated: 1
  m_UseFullKinematicContacts: 1
  m_UseAutoMass: 1
  m_Mass: 1.3002634
  m_LinearDrag: 0
  m_AngularDrag: 0.05
  m_GravityScale: 0
  m_Material: {fileID: 0}
  m_Interpolate: 0
  m_SleepingMode: 1
  m_CollisionDetection: 0
  m_Constraints: 4
--- !u!60 &60549918202821184
PolygonCollider2D:
  m_ObjectHideFlags: 1
  m_PrefabParentObject: {fileID: 0}
  m_PrefabInternal: {fileID: 100100000}
  m_GameObject: {fileID: 1087209375021522}
  m_Enabled: 1
  m_Density: 1
  m_Material: {fileID: 0}
  m_IsTrigger: 0
  m_UsedByEffector: 0
  m_UsedByComposite: 0
  m_Offset: {x: 0, y: 0}
  m_SpriteTilingProperty:
    border: {x: 0, y: 0, z: 0, w: 0}
    pivot: {x: 0.5, y: 0.5}
    oldSize: {x: 2.11, y: 3.5}
    newSize: {x: 0.16, y: 0.16}
    adaptiveTilingThreshold: 0.5
    drawMode: 0
    adaptiveTiling: 0
  m_AutoTiling: 0
  m_Points:
    m_Paths:
    - - {x: 0.895, y: -1.05}
      - {x: 0.85499996, y: -0.59999996}
      - {x: 0.955, y: 0.66999996}
      - {x: 0.955, y: 1.4}
      - {x: 0.445, y: 1.75}
      - {x: -0.24499999, y: 1.75}
      - {x: -0.465, y: 1.53}
      - {x: -0.745, y: 1.35}
      - {x: -0.765, y: 1.3299999}
      - {x: -0.765, y: 1.14}
      - {x: -0.745, y: 1.12}
      - {x: -0.955, y: 0.04}
      - {x: -0.955, y: -1.03}
      - {x: -0.645, y: -1.75}
      - {x: -0.225, y: -1.75}
      - {x: -0.21499999, y: -1.74}
      - {x: -0.125, y: -1.75}
      - {x: 0.645, y: -1.75}
--- !u!82 &82710286262520082
AudioSource:
  m_ObjectHideFlags: 1
  m_PrefabParentObject: {fileID: 0}
  m_PrefabInternal: {fileID: 100100000}
  m_GameObject: {fileID: 1087209375021522}
  m_Enabled: 1
  serializedVersion: 4
  OutputAudioMixerGroup: {fileID: 0}
  m_audioClip: {fileID: 8300000, guid: bc50fa235dc7aec4da64fbd81e9d7f52, type: 3}
  m_PlayOnAwake: 0
  m_Volume: 0.444
  m_Pitch: 1
  Loop: 0
  Mute: 0
  Spatialize: 0
  SpatializePostEffects: 0
  Priority: 128
  DopplerLevel: 1
  MinDistance: 1
  MaxDistance: 500
  Pan2D: 0
  rolloffMode: 0
  BypassEffects: 0
  BypassListenerEffects: 0
  BypassReverbZones: 0
  rolloffCustomCurve:
    serializedVersion: 2
    m_Curve:
    - serializedVersion: 2
      time: 0
      value: 1
      inSlope: 0
      outSlope: 0
      tangentMode: 0
    - serializedVersion: 2
      time: 1
      value: 0
      inSlope: 0
      outSlope: 0
      tangentMode: 0
    m_PreInfinity: 2
    m_PostInfinity: 2
    m_RotationOrder: 4
  panLevelCustomCurve:
    serializedVersion: 2
    m_Curve:
    - serializedVersion: 2
      time: 0
      value: 0
      inSlope: 0
      outSlope: 0
      tangentMode: 0
    m_PreInfinity: 2
    m_PostInfinity: 2
    m_RotationOrder: 0
  spreadCustomCurve:
    serializedVersion: 2
    m_Curve:
    - serializedVersion: 2
      time: 0
      value: 0
      inSlope: 0
      outSlope: 0
      tangentMode: 0
    m_PreInfinity: 2
    m_PostInfinity: 2
    m_RotationOrder: 4
  reverbZoneMixCustomCurve:
    serializedVersion: 2
    m_Curve:
    - serializedVersion: 2
      time: 0
      value: 1
      inSlope: 0
      outSlope: 0
      tangentMode: 0
    m_PreInfinity: 2
    m_PostInfinity: 2
    m_RotationOrder: 0
--- !u!95 &95685776873958930
Animator:
  serializedVersion: 3
  m_ObjectHideFlags: 1
  m_PrefabParentObject: {fileID: 0}
  m_PrefabInternal: {fileID: 100100000}
  m_GameObject: {fileID: 1087209375021522}
  m_Enabled: 1
  m_Avatar: {fileID: 0}
  m_Controller: {fileID: 9100000, guid: 32d46e6109f1526448f86ce4c471b6a4, type: 2}
  m_CullingMode: 0
  m_UpdateMode: 0
  m_ApplyRootMotion: 0
  m_LinearVelocityBlending: 0
  m_WarningMessage: 
  m_HasTransformHierarchy: 1
  m_AllowConstantClipSamplingOptimization: 1
--- !u!114 &114024589318767890
MonoBehaviour:
  m_ObjectHideFlags: 1
  m_PrefabParentObject: {fileID: 0}
  m_PrefabInternal: {fileID: 100100000}
  m_GameObject: {fileID: 1087209375021522}
  m_Enabled: 1
  m_EditorHideFlags: 0
  m_Script: {fileID: 11500000, guid: f5e985b2e76df7840bcc2bc1aca434c2, type: 3}
  m_Name: 
  m_EditorClassIdentifier: 
  speed: 3
  BangClip: {fileID: 8300000, guid: bc50fa235dc7aec4da64fbd81e9d7f52, type: 3}
  ReloadClip: {fileID: 8300000, guid: 9097a3049aaf9dc418c0fc9a1016b655, type: 3}
  OutOfAmmoClip: {fileID: 8300000, guid: db2c34fb3d61a534aa8c8a9950fc14f2, type: 3}
  HeartClip: {fileID: 8300000, guid: 132340c8009ad6d4c900f348e13a58bf, type: 3}
  LostHeartClip: {fileID: 8300000, guid: d7042d1f50fe9ce43924b843a872c87a, type: 3}
  BangAudio: {fileID: 0}
  bulletPrefab: {fileID: 50030561182404126, guid: bea4ca5e8d30cfc40b08290e402fde1c,
    type: 2}
  heartPrefab: {fileID: 50322482143188024, guid: f7cc9ece61c936e4daa2727b5cc5d742,
    type: 2}
  gameovercanvas: {fileID: 0}
  BulletImages:
  - {fileID: 0}
  - {fileID: 0}
  - {fileID: 0}
  - {fileID: 0}
  - {fileID: 0}
  - {fileID: 0}
  HeartImages:
  - {fileID: 0}
  - {fileID: 0}
  - {fileID: 0}
  HighScoreText: {fileID: 0}
  lives: 3
  NextLife: 2000
  heartSpawn: {fileID: 0}
  mainCamera: {fileID: 0}
--- !u!114 &114769396274999478
MonoBehaviour:
  m_ObjectHideFlags: 1
  m_PrefabParentObject: {fileID: 0}
  m_PrefabInternal: {fileID: 100100000}
  m_GameObject: {fileID: 1077744596990854}
  m_Enabled: 1
  m_EditorHideFlags: 0
  m_Script: {fileID: 11500000, guid: 93395efb9caaa6347b9e68c489390513, type: 3}
  m_Name: 
  m_EditorClassIdentifier: 
  rotationOffset: 0
  spriteRenderer: {fileID: 0}
--- !u!212 &212029378263335500
SpriteRenderer:
  m_ObjectHideFlags: 1
  m_PrefabParentObject: {fileID: 0}
  m_PrefabInternal: {fileID: 100100000}
  m_GameObject: {fileID: 1077744596990854}
  m_Enabled: 1
  m_CastShadows: 0
  m_ReceiveShadows: 0
  m_DynamicOccludee: 1
  m_MotionVectors: 1
  m_LightProbeUsage: 1
  m_ReflectionProbeUsage: 1
  m_Materials:
  - {fileID: 10754, guid: 0000000000000000f000000000000000, type: 0}
  m_StaticBatchInfo:
    firstSubMesh: 0
    subMeshCount: 0
  m_StaticBatchRoot: {fileID: 0}
  m_ProbeAnchor: {fileID: 0}
  m_LightProbeVolumeOverride: {fileID: 0}
  m_ScaleInLightmap: 1
  m_PreserveUVs: 0
  m_IgnoreNormalsForChartDetection: 0
  m_ImportantGI: 0
  m_StitchLightmapSeams: 0
  m_SelectedEditorRenderState: 0
  m_MinimumChartSize: 4
  m_AutoUVMaxDistance: 0.5
  m_AutoUVMaxAngle: 89
  m_LightmapParameters: {fileID: 0}
  m_SortingLayerID: 0
  m_SortingLayer: 0
  m_SortingOrder: 0
  m_Sprite: {fileID: 21300000, guid: 32f5df4c2f609dc459bcdf666f254412, type: 3}
  m_Color: {r: 1, g: 1, b: 1, a: 1}
  m_FlipX: 0
  m_FlipY: 0
  m_DrawMode: 0
  m_Size: {x: 1.32, y: 0.53}
  m_AdaptiveModeThreshold: 0.5
  m_SpriteTileMode: 0
  m_WasSpriteAssigned: 1
  m_MaskInteraction: 0
--- !u!212 &212473774921907978
SpriteRenderer:
  m_ObjectHideFlags: 1
  m_PrefabParentObject: {fileID: 0}
  m_PrefabInternal: {fileID: 100100000}
  m_GameObject: {fileID: 1087209375021522}
  m_Enabled: 1
  m_CastShadows: 0
  m_ReceiveShadows: 0
  m_DynamicOccludee: 1
  m_MotionVectors: 1
  m_LightProbeUsage: 1
  m_ReflectionProbeUsage: 1
  m_Materials:
  - {fileID: 10754, guid: 0000000000000000f000000000000000, type: 0}
  m_StaticBatchInfo:
    firstSubMesh: 0
    subMeshCount: 0
  m_StaticBatchRoot: {fileID: 0}
  m_ProbeAnchor: {fileID: 0}
  m_LightProbeVolumeOverride: {fileID: 0}
  m_ScaleInLightmap: 1
  m_PreserveUVs: 0
  m_IgnoreNormalsForChartDetection: 0
  m_ImportantGI: 0
  m_StitchLightmapSeams: 0
  m_SelectedEditorRenderState: 0
  m_MinimumChartSize: 4
  m_AutoUVMaxDistance: 0.5
  m_AutoUVMaxAngle: 89
  m_LightmapParameters: {fileID: 0}
  m_SortingLayerID: 0
  m_SortingLayer: 0
  m_SortingOrder: 0
  m_Sprite: {fileID: 21300000, guid: fe5897414fd0cd045a18a6d55f383346, type: 3}
  m_Color: {r: 0.8745099, g: 0.8745099, b: 0.8745099, a: 1}
  m_FlipX: 0
  m_FlipY: 0
  m_DrawMode: 0
  m_Size: {x: 0.16, y: 0.16}
  m_AdaptiveModeThreshold: 0.5
  m_SpriteTileMode: 0
  m_WasSpriteAssigned: 1
  m_MaskInteraction: 0
