%YAML 1.1
%TAG !u! tag:unity3d.com,2011:
--- !u!1001 &100100000
Prefab:
  m_ObjectHideFlags: 1
  serializedVersion: 2
  m_Modification:
    m_TransformParent: {fileID: 0}
    m_Modifications: []
    m_RemovedComponents: []
  m_ParentPrefab: {fileID: 0}
  m_RootGameObject: {fileID: 1987986419666394}
  m_IsPrefabParent: 1
--- !u!1 &1987986419666394
GameObject:
  m_ObjectHideFlags: 0
  m_PrefabParentObject: {fileID: 0}
  m_PrefabInternal: {fileID: 100100000}
  serializedVersion: 5
  m_Component:
  - component: {fileID: 4352135859310306}
  - component: {fileID: 50568364236585808}
  - component: {fileID: 60048132344203150}
  m_Layer: 0
  m_Name: SmallRock
  m_TagString: Untagged
  m_Icon: {fileID: 0}
  m_NavMeshLayer: 0
  m_StaticEditorFlags: 0
  m_IsActive: 1
--- !u!4 &4352135859310306
Transform:
  m_ObjectHideFlags: 1
  m_PrefabParentObject: {fileID: 0}
  m_PrefabInternal: {fileID: 100100000}
  m_GameObject: {fileID: 1987986419666394}
  m_LocalRotation: {x: 0, y: 0, z: 0, w: 1}
  m_LocalPosition: {x: -7.39, y: -1.62, z: 16.305193}
  m_LocalScale: {x: 1, y: 1, z: 1}
  m_Children: []
  m_Father: {fileID: 0}
  m_RootOrder: 0
  m_LocalEulerAnglesHint: {x: 0, y: 0, z: 0}
--- !u!50 &50568364236585808
Rigidbody2D:
  serializedVersion: 4
  m_ObjectHideFlags: 1
  m_PrefabParentObject: {fileID: 0}
  m_PrefabInternal: {fileID: 100100000}
  m_GameObject: {fileID: 1987986419666394}
  m_BodyType: 2
  m_Simulated: 1
  m_UseFullKinematicContacts: 0
  m_UseAutoMass: 0
  m_Mass: 1
  m_LinearDrag: 0
  m_AngularDrag: 0.05
  m_GravityScale: 0
  m_Material: {fileID: 0}
  m_Interpolate: 0
  m_SleepingMode: 1
  m_CollisionDetection: 0
  m_Constraints: 0
--- !u!60 &60048132344203150
PolygonCollider2D:
  m_ObjectHideFlags: 1
  m_PrefabParentObject: {fileID: 0}
  m_PrefabInternal: {fileID: 100100000}
  m_GameObject: {fileID: 1987986419666394}
  m_Enabled: 1
  m_Density: 1
  m_Material: {fileID: 6200000, guid: c49bd3977ca471a44898dd3e1979d81b, type: 2}
  m_IsTrigger: 0
  m_UsedByEffector: 0
  m_UsedByComposite: 0
  m_Offset: {x: 0, y: 0}
  m_SpriteTilingProperty:
    border: {x: 0, y: 0, z: 0, w: 0}
    pivot: {x: 0, y: 0}
    oldSize: {x: 0, y: 0}
    newSize: {x: 0, y: 0}
    adaptiveTilingThreshold: 0
    drawMode: 0
    adaptiveTiling: 0
  m_AutoTiling: 0
  m_Points:
    m_Paths:
    - - {x: -0.66, y: 1}
      - {x: -1.4, y: 0.30901697}
      - {x: -1.57, y: -0.93}
      - {x: 1.55, y: 0.17}
      - {x: 1.04, y: 0.88}
